@book{sletten2021,
  title={WebAssembly: The Definitive Guide},
  author={Sletten, Brian},
  year={2021},
  publisher={" O'Reilly Media, Inc."}
}

@inproceedings{agustia2019,
  title={Implementation of Web Assembly Technology as Visual Learning Media to help High School Students in Human Body System Learning},
  author={Agustia, RD and Wulan, DR},
  booktitle={IOP Conference Series: Materials Science and Engineering},
  volume={662},
  number={2},
  pages={022124},
  year={2019},
  organization={IOP Publishing}
}

@misc{balamuta2024quarto,
  author = {James Joseph Balamuta},
  title = {Acknowledgments and Collaborations – quarto-pyodide},
  year = {2024},
  url = {https://quarto.thecoatlessprofessor.com/pyodide/qpyodide-acknowledgements.html},
  note = {Last modified June 12, 2024}
}


@misc{omf,
 author ={{OMF}},
 title = {OMF: The Modeling Foundation},
 url = {https://www.openmodelingfoundation.org/standards/reusability/},
 year = {2023},
 note = {Accessed: 2023-10-18}
 }

@INPROCEEDINGS{accredit_sargent,
  author={Sargent, R.G.},
  booktitle={2000 Winter Simulation Conference Proceedings (Cat. No.00CH37165)}, 
  title={Verification, validation and accreditation of simulation models}, 
  year={2000},
  volume={1},
  number={},
  pages={50-59 vol.1},
  keywords={Accreditation;Computational modeling;Random variables;Costs;Computer simulation;Educational institutions;Computer science;Problem-solving;Decision making;Application software},
  doi={10.1109/WSC.2000.899697}}

@article{monks2024towards,
  title={Towards sharing tools and artefacts for reusable simulations in healthcare},
  author={Monks, Thomas and Harper, Alison and Mustafee, Navonil},
  journal={Journal of Simulation},
  pages={1--20},
  year={2024},
  publisher={Taylor \& Francis}
}

@article{lin_trust_2020,
	title = {The {TRUST} {Principles} for digital repositories},
	volume = {7},
	copyright = {2020 This is a U.S. government work and not under copyright protection in the U.S.; foreign copyright protection may apply},
	issn = {2052-4463},
	doi = {10.1038/s41597-020-0486-7},
	language = {en},
	number = {1},
	journal = {Scientific Data},
	author = {Lin, Dawei and Crabtree, Jonathan and Dillo, Ingrid and Downs, Robert R. and Edmunds, Rorie and Giaretta, David and De Giusti, Marisa and L’Hours, Hervé and Hugo, Wim and Jenkyns, Reyna and Khodiyar, Varsha and Martone, Maryann E. and Mokrane, Mustapha and Navale, Vivek and Petters, Jonathan and Sierman, Barbara and Sokolova, Dina V. and Stockhause, Martina and Westbrook, John},
	year = {2020},
	keywords = {Genetic databases, Policy},
	pages = {144},
	file = {Full Text PDF:/home/tom/Zotero/storage/W9Z8FZAJ/Lin et al. - 2020 - The TRUST Principles for digital repositories.pdf:application/pdf},
}

@article{van2021worcs,
  title={WORCS: A workflow for open reproducible code in science},
  author={Van Lissa, Caspar J and Brandmaier, Andreas M and Brinkman, Loek and Lamprecht, Anna-Lena and Peikert, Aaron and Struiksma, Marijn E and Vreede, Barbara MI},
  journal={Data Science},
  volume={4},
  number={1},
  pages={29--49},
  year={2021},
  publisher={IOS Press}
}

@article{monks2019strengthening,
  title={Strengthening the reporting of empirical simulation studies: Introducing the STRESS guidelines},
  author={Monks, Thomas and Currie, Christine SM and Onggo, Bhakti Stephan and Robinson, Stewart and Kunc, Martin and Taylor, Simon JE},
  journal={Journal of Simulation},
  volume={13},
  number={1},
  pages={55--67},
  year={2019},
  publisher={Taylor \& Francis}
}

@article{grimm2020odd,
  title={The ODD protocol for describing agent-based and other simulation models: A second update to improve clarity, replication, and structural realism},
  author={Grimm, Volker and Railsback, Steven F and Vincenot, Christian E and Berger, Uta and Gallagher, Cara and DeAngelis, Donald L and Edmonds, Bruce and Ge, Jiaqi and Giske, Jarl and Groeneveld, Juergen and others},
  journal={Journal of Artificial Societies and Social Simulation},
  volume={23},
  number={2},
  year={2020}
}

@software{stars_streamlit_example,
  author       = {Monks, Thomas and
                  Harper, Alison},
  title        = {{Towards Sharing Tools and Artifacts for Reusable 
                   Simulation: deploying a `simpy` model as a web app}},
  month        = may,
  year         = 2024,
  publisher    = {Zenodo},
  version      = {v3.0.1},
  doi          = {10.5281/zenodo.11102678},
  url          = {https://doi.org/10.5281/zenodo.11102678}
}

@article{pouwels2024introducing,
  title={Introducing Open Science in Teaching Health Economic Modelling},
  author={Pouwels, Xavier GLV and Koffijberg, Hendrik},
  journal={PharmacoEconomics-Open},
  pages={1--11},
  year={2024},
  publisher={Springer},
  doi={https://doi.org/10.1007/s41669-023-00469-0}
}

@inproceedings{harper2023open,
  title={Open-Source Modeling for Orthopedic Elective Capacity Planning using Discrete-Event Simulation},
  author={Harper, Alison and Pitt, Martin and Monks, Thomas},
  booktitle={2023 Winter Simulation Conference (WSC)},
  pages={1077--1087},
  year={2023},
  organization={IEEE}, 
  doi={10.1109/WSC60868.2023.10408227}
}

@article{harper2023development,
  title={Development and application of simulation modelling for orthopaedic elective resource planning in England},
  author={Harper, Alison and Monks, Thomas and Wilson, Rebecca and Redaniel, Maria Theresa and Eyles, Emily and Jones, Tim and Penfold, Chris and Elliott, Andrew and Keen, Tim and Pitt, Martin and others},
  journal={BMJ open},
  volume={13},
  number={12},
  year={2023},
  publisher={BMJ Publishing Group}
}

@article{sokolowski2017m,
  title={M\&S as a Profession and an Academic Discipline: A Contemporary View},
  author={Sokolowski, John A and Mielke, Roland R},
  journal={The Profession of Modeling and Simulation: Discipline, Ethics, Education, Vocation, Societies, and Economics},
  pages={53--86},
  year={2017},
  publisher={Wiley Online Library}
}

@article{tolk2017introduction,
  title={An Introduction to the Facets of the Profession of Modeling and Simulation},
  author={Tolk, Andreas},
  journal={The Profession of Modeling and Simulation: Discipline, Ethics, Education, Vocation, Societies, and Economics},
  pages={1--10},
  year={2017},
  publisher={Wiley Online Library}
} [

@article{munafo2017manifesto,
  title={A manifesto for reproducible science},
  author={Munaf{\`o}, Marcus R and Nosek, Brian A and Bishop, Dorothy VM and Button, Katherine S and Chambers, Christopher D and Percie du Sert, Nathalie and Simonsohn, Uri and Wagenmakers, Eric-Jan and Ware, Jennifer J and Ioannidis, John},
  journal={Nature human behaviour},
  volume={1},
  number={1},
  pages={1--9},
  year={2017},
  publisher={Nature Publishing Group}
}



